@inproceedings{Yuanyuan_2020,
author = {Li, Yuanyuan and Zhang, Qianqian and Won, Daehan and Lu, Fake and Yoon, Sang Won},
year = {2020},
month = {11},
pages = {},
title = {Learning Rate Optimization in Convolutional Neural Networks for Medical Images Classification}
}

@misc{Brownlee_2020,
title={Understand the impact of learning rate on neural network performance},
 url={https://machinelearningmastery.com/understand-the-dynamics-of-learning-rate-on-deep-learning-neural-networks/},
journal={MachineLearningMastery.com},
author={Brownlee, Jason},
year={2020},
month=sep,
language={en-US} 
}

@misc{he2015deep,
      title={Deep Residual Learning for Image Recognition}, 
      author={Kaiming He and Xiangyu Zhang and Shaoqing Ren and Jian Sun},
      year={2015},
      eprint={1512.03385},
      archivePrefix={arXiv},
      primaryClass={cs.CV}
}

@misc{kingma2017adam,
      title={Adam: A Method for Stochastic Optimization}, 
      author={Diederik P. Kingma and Jimmy Ba},
      year={2017},
      eprint={1412.6980},
      archivePrefix={arXiv},
      primaryClass={cs.LG}
}

@inproceedings{dozat.2016,
	title={Incorporating {Nesterov Momentum into Adam}},
	author={Dozat, Timothy},
	booktitle={Proceedings of the 4th International Conference on Learning Representations},
	pages={1--4},
	date=2016
}
